<record xmlns="http://www.loc.gov/MARC21/slim">
   <leader>02207cam a2200361 i 45 0</leader>
   <controlfield tag="001">6855831</controlfield>
   <controlfield tag="003">OCoLC</controlfield>
   <controlfield tag="005">20150309173407.0</controlfield>
   <controlfield tag="008">140613t20152014nyu    g      000 1 eng d</controlfield>
   <datafield ind1=" " ind2=" " tag="020">
      <subfield code="a">1420118552 (paperback)</subfield>
   </datafield>
   <datafield ind1=" " ind2=" " tag="020">
      <subfield code="a">9781420118551 (paperback)</subfield>
   </datafield>
   <datafield ind1=" " ind2=" " tag="035">
      <subfield code="a">ocn881400719</subfield>
   </datafield>
   <datafield ind1=" " ind2=" " tag="040">
      <subfield code="a">YDXCP</subfield>
      <subfield code="b">eng</subfield>
      <subfield code="e">rda</subfield>
      <subfield code="c">YDXCP</subfield>
      <subfield code="d">OCLCQ</subfield>
      <subfield code="d">BTCTA</subfield>
      <subfield code="d">BDX</subfield>
      <subfield code="d">OCLCQ</subfield>
      <subfield code="d">RS$</subfield>
      <subfield code="d">OCLCO</subfield>
      <subfield code="d">IFA</subfield>
      <subfield code="d">AEVC</subfield>
   </datafield>
   <datafield ind1="1" ind2="4" tag="050">
      <subfield code="a">PS3560.A223</subfield>
      <subfield code="b">C58 2015</subfield>
   </datafield>
   <datafield ind1="0" ind2="4" tag="082">
      <subfield code="a">813/.54</subfield>
      <subfield code="2">23</subfield>
   </datafield>
   <datafield ind1=" " ind2=" " tag="090">
      <subfield code="a">Mystery JAC</subfield>
      <subfield code="b">AEVC</subfield>
   </datafield>
   <datafield ind1="1" ind2=" " tag="100">
      <subfield code="a">Jackson, Lisa,</subfield>
      <subfield code="e">author.</subfield>
   </datafield>
   <datafield ind1="1" ind2="0" tag="245">
      <subfield code="a">Close to home /</subfield>
      <subfield code="c">Lisa Jackson.</subfield>
   </datafield>
   <datafield ind1=" " ind2="1" tag="264">
      <subfield code="a">New York, NY :</subfield>
      <subfield code="b">Zebra Books/Kensington Publishing Corp.,</subfield>
      <subfield code="c">2015.</subfield>
   </datafield>
   <datafield ind1=" " ind2="4" tag="264">
      <subfield code="c">©2014.</subfield>
   </datafield>
   <datafield ind1=" " ind2=" " tag="300">
      <subfield code="a">492 pages ;</subfield>
      <subfield code="c">17 cm</subfield>
   </datafield>
   <datafield ind1=" " ind2=" " tag="336">
      <subfield code="a">text</subfield>
      <subfield code="b">txt</subfield>
      <subfield code="2">rdacontent</subfield>
   </datafield>
   <datafield ind1=" " ind2=" " tag="337">
      <subfield code="a">unmediated</subfield>
      <subfield code="b">n</subfield>
      <subfield code="2">rdamedia</subfield>
   </datafield>
   <datafield ind1=" " ind2=" " tag="338">
      <subfield code="a">volume</subfield>
      <subfield code="b">nc</subfield>
      <subfield code="2">rdacarrier</subfield>
   </datafield>
   <datafield ind1=" " ind2=" " tag="520">
      <subfield code="a">"Along the shores of Oregon's wild Columbia River, the Victorian mansion where Sarah McAdams grew up is as foreboding as she remembers. The moment she and her two daughters, Jade and Gracie, pull up the isolated drive, Sarah is beset by uneasy memories--of her cold, distant mother, of the half-sister who vanished without a trace, and of a long-ago night when Sarah was found on the widow's walk, feverish and delirious. But Sarah has vowed to make a fresh start and renovate the old place. Between tending to her girls and the rundown property, she has little time to dwell on the past...Until a new, more urgent menace enters the picture. One by one, teenage girls are disappearing. Frantic for her daughters' safety, Sarah feels the house's walls closing in on her again. Somewhere deep in her memory is the key to a very real and terrifying danger. And only by confronting her most terrifying fears can she stop the nightmare roaring back to life once more..."--Page 4 of cover.</subfield>
   </datafield>
   <datafield ind1=" " ind2=" " tag="596">
      <subfield code="a">3</subfield>
   </datafield>
   <datafield ind1=" " ind2="0" tag="650">
      <subfield code="a">Single mothers</subfield>
      <subfield code="v">Fiction.</subfield>
   </datafield>
   <datafield ind1=" " ind2="0" tag="650">
      <subfield code="a">Mothers and daughters</subfield>
      <subfield code="v">Fiction.</subfield>
   </datafield>
   <datafield ind1=" " ind2="0" tag="650">
      <subfield code="a">Mansions</subfield>
      <subfield code="x">Remodeling</subfield>
      <subfield code="v">Fiction.</subfield>
   </datafield>
   <datafield ind1=" " ind2="0" tag="650">
      <subfield code="a">Missing persons</subfield>
      <subfield code="v">Fiction.</subfield>
   </datafield>
   <datafield ind1=" " ind2="0" tag="650">
      <subfield code="a">Teenage girls</subfield>
      <subfield code="x">Crimes against</subfield>
      <subfield code="v">Fiction.</subfield>
   </datafield>
   <datafield ind1=" " ind2="0" tag="651">
      <subfield code="a">Oregon</subfield>
      <subfield code="v">Fiction.</subfield>
   </datafield>
   <datafield ind1=" " ind2=" " tag="926">
      <subfield code="a">Mystery JAC</subfield>
      <subfield code="w">ASIS</subfield>
      <subfield code="c">1</subfield>
      <subfield code="i">33862001359110</subfield>
      <subfield code="d">11/4/2016</subfield>
      <subfield code="e">9/29/2016</subfield>
      <subfield code="l">PAPERBACKS</subfield>
      <subfield code="m">NORQ_MAIN</subfield>
      <subfield code="n">1</subfield>
      <subfield code="p">$7.49</subfield>
      <subfield code="r">Y</subfield>
      <subfield code="s">Y</subfield>
      <subfield code="t">PAPERBACK</subfield>
      <subfield code="u">5/5/2015</subfield>
   </datafield>
</record>
